
@book{behrendt_wettbewerbsvorteile_1999,
	location = {Berlin [u.a.]},
	title = {Wettbewerbsvorteile durch ökologische Dienstleistungen: Umsetzung in der Unternehmenspraxis},
	isbn = {3-540-66475-0},
	shorttitle = {Wettbewerbsvorteile durch ökologische Dienstleistungen},
	pagetotal = {xiv+197},
	publisher = {Springer},
	author = {Behrendt, Siegfried and Pfitzner, Ralf and Kreibich, Rolf},
	date = {1999},
	keywords = {*Unternehmen / Umweltbezogenes Management / Dienstleistungsangebot, nicht interessant, Umweltmanagement / {\textbar}stw{\textbar} Dienstleistung / {\textbar}stw{\textbar} Instandhaltung / {\textbar}stw{\textbar} Qualitätsmanagement / {\textbar}stw{\textbar} Betriebliche Kreislaufwirtschaft / {\textbar}stw{\textbar} Leasing / {\textbar}stw{\textbar} Wettbewerbsstrategie / {\textbar}stw{\textbar} Deutschland},
	file = {ht011132224.pdf:/home/sascha/.mozilla/firefox/vymomsvb.default/zotero/storage/39W9IEWU/ht011132224.pdf:application/pdf}
}

@article{liedtke_resource_2014,
	title = {Resource Use in the Production and Consumption System—The {MIPS} Approach},
	volume = {3},
	rights = {http://creativecommons.org/licenses/by/3.0/},
	url = {http://www.mdpi.com/2079-9276/3/3/544},
	doi = {10.3390/resources3030544},
	abstract = {The concept Material Input per Service Unit ({MIPS}) was developed 20 years ago as a measure for the overall natural resource use of products and services. The material intensity analysis is used to calculate the material footprint of any economic activities in production and consumption. Environmental assessment has developed extensive databases for life cycle inventories, which can additionally be adopted for material intensity analysis. Based on practical experience in measuring material footprints on the micro level, this paper presents the current state of research and methodology development: it shows the international discussions on the importance of accounting methodologies to measure progress in resource efficiency. The {MIPS} approach is presented and its micro level application for assessing value chains, supporting business management, and operationalizing sustainability strategies is discussed. Linkages to output-oriented Life Cycle Assessment as well as to Material Flow Analysis ({MFA}) at the macro level are pointed out. Finally we come to the conclusion that the {MIPS} approach provides relevant knowledge on resource and energy input at the micro level for fact-based decision-making in science, policy, business, and consumption.},
	pages = {544--574},
	number = {3},
	author = {Liedtke, Christa and Bienge, Katrin and Wiesen, Klaus and Teubler, Jens and Greiff, Kathrin and Lettenmeier, Michael and Rohn, Holger},
	urldate = {2014-10-01},
	date = {2014-08-28},
	langid = {english},
	keywords = {dematerialization, Material Footprint, Material Intensity Analysis, micro economy, {MIPS} (Material Input per Service Unit), natural resources, resource consumption, sustainable production and consumption ({SCP}), value chain},
	file = {Full Text PDF:/home/sascha/.mozilla/firefox/vymomsvb.default/zotero/storage/ZJX3ZS9E/Liedtke et al. - 2014 - Resource Use in the Production and Consumption Sys.pdf:application/pdf}
}

@article{thiesen_rebound_2008,
	title = {Rebound effects of price differences},
	volume = {13},
	issn = {0948-3349, 1614-7502},
	url = {http://link.springer.com/article/10.1065/lca2006.12.297},
	doi = {10.1065/lca2006.12.297},
	abstract = {Goal, Scope and Background Traditionally, comparative life cycle assessments ({LCA}) have not considered rebound effects, for instance in case of significant price differences among the compared products. No justifications have been made for this delimitation in scope. This article shows that price differences and the consequent effects of marginal consumer expenditure may influence the conclusions of comparative {LCA} significantly. We also show that considerations about rebound effects of price differences can be included in {LCAs}. Methods The direct rebound effect of a price difference is marginal consumption. Based on statistical data on private consumption in different income groups (Statistics Denmark 2005a, 2005b), the present article provides an estimate of how an average Danish household will spend an additional 1 {DKK} for further consumer goods, when the household has gained money from choosing a cheaper product alternative. The approach is to use marginal income changes and the following changes in consumption patterns as an expression for marginal consumption. Secondly, the environmental impact potentials related to this marginal consumption are estimated by the use of environmental impact intensity data from an {IO}-{LCA} database (Weidema et al. 2005). Finally, it is discussed whether, and in which ways the conclusions of comparative {LCAs} can be affected by including the price difference between product alternatives. This is elucidated in a case study of a comparative {LCA} screening of two different kinds of Danish cheese products (Fricke et al. 2004). Results Car purchase and driving, use and maintenance of dwelling, clothing purchase and insurance constitutes the largest percentages of the marginal consumption. In a case study of two cheeses, the including the impact potentials related to the price difference results in significant changes in the total impact potentials. Considering the relatively small price difference of the two products, it is likely also to have a significant influence on the results of comparative {LCAs} more generally. Discussion The influence of marginal consumption in comparative {LCAs} is relevant to consider in situations with large differences in the price of the product alternatives being compared, and in situations with minor differences in the impact potentials related to the alternatives. However, different uncertainties are linked to determining the pattern for marginal consumption and the environmental impact potential related to this. These are first of all related to the method used, but also include inaccurate data of consumption in households, aggregation and weighting of income groups, aggregation of product groups, estimation and size of the price difference, and the general applicability of the results. Conclusion Incorporating marginal consumption in consequential {LCAs} is possible in practice. In the case study used, including the rebound effects of the price difference has a significant influence on the result of the comparative {LCA}, as the result for the impact categories acidification and nutrient enrichment changes in favour of the expensive product. Recommendations and Perspectives It is recommended that the rebound effects of price differences should be included more frequently in {LCAs}. In order to ensure this, further research in marginal consumption and investment patterns and {IO} data for different countries or regions is required. Furthermore, this study does not consider the economic distributional consequences of buying an expensive product instead of a cheaper product (e.g. related to how the profit is spent by those who provided the product). It should also be noted, that more expensive products not necessarily result in less consumption, as those who provided the product also will spend the money they have earned from the sale. Ideally, these consequences should also be further investigated. Likewise, the development of databases to include marginal consumption in {PC}-tools is needed. In general, considerations of marginal consumption would favour expensive product alternatives, depending, however, on the type of consumer.},
	pages = {104--114},
	number = {2},
	journaltitle = {Int J Life Cycle Assess},
	author = {Thiesen, Joan and Christensen, Torben S. and Kristensen, Thomas G. and Andersen, Rikke D. and Brunoe, Brit and Gregersen, Trine K. and Thrane, Mikkel and Weidema, Bo P.},
	urldate = {2014-10-08},
	date = {2008-03-01},
	langid = {english},
	keywords = {Consequential {LCA}, consumption dynamics, Environmental Economics, Environment, general, income elasticity of demand, I-O Analysis, marginal consumption, price differences, rebound effect, Rebound effect, sustainable consumption, system delimitation},
	file = {Full Text PDF:/home/sascha/.mozilla/firefox/vymomsvb.default/zotero/storage/SW4ZPP4B/Thiesen et al. - 2008 - Rebound effects of price differences.pdf:application/pdf}
}

@book{behrendt_oko-rent_2000,
	title = {Öko-Rent im Bereich Heimwerken, Baueigenleistungen und Gartenpflege},
	author = {Behrendt, Siegfried and Behr, Frank},
	date = {2000},
	keywords = {bearbeitet, Daten, {EU} Studie, gelesen, Heimwerken, nicht interessant},
	file = {Öko-Rent im Bereich "Heimwerken, Baueigenleistung und Gartenpflege" - IZT_WB41.pdf:/home/sascha/.mozilla/firefox/vymomsvb.default/zotero/storage/Z794VE7K/IZT_WB41.pdf:application/pdf}
}

@book{nathani_modellierung_2013,
	title = {Modellierung des Strukturwandels beim Übergang zu einer materialeffizienten Kreislaufwirtschaft: Kopplung eines Input-Output-Modells mit einem Stoffstrommodell am Beispiel der Wertschöpfungskette „Papier“},
	isbn = {978-3-642-57427-6},
	shorttitle = {Modellierung des Strukturwandels beim Übergang zu einer materialeffizienten Kreislaufwirtschaft},
	abstract = {Bei einer weitgehenden Umsetzung von Kreislaufwirtschafts- und Materialeffizienzstrategien ist mit einem erheblichen technischen und strukturellen Wandel in der Volkswirtschaft zu rechnen. Dieses Buch stellt einen neuen Modellierungsansatz zur Analyse dieser Veränderungen vor. Er beinhaltet die Kopplung eines dynamischen Input-Output-Modells mit einem Stoffstrommodell. Das Kopplungskonzept, das die spezifischen Vorteile der beiden Modelltypen verbindet, wird ausführlich erläutert. Im zweiten Teil des Buches geht es um die empirische Erprobung des Modellierungsansatzes am Beispiel der Wertschöpfungskette "Papier". Der Autor analysiert hier für verschiedene Szenarien die Umsetzung von Materialeffizienzstrategien bis zum Jahr 2020. Die Ergebnisse der anschließenden Modellrechnungen erlauben Aussagen zu den Auswirkungen auf den sektoralen Strukturwandel in der Volkswirtschaft. Das Buch schließt mit einem Ausblick auf weitere Forschungsarbeiten.},
	pagetotal = {275},
	publisher = {Springer-Verlag},
	author = {Nathani, Carsten},
	date = {2013-03-07},
	langid = {german},
	keywords = {Business \& Economics / Economics / General, Business \& Economics / Environmental Economics, Nature / Natural Resources, Political Science / Public Policy / Economic Policy, Technology \& Engineering / Environmental / General}
}

@article{becker_challenge_2010,
	title = {The challenge of conceptual modeling for product–service systems: status-quo and perspectives for reference models and modeling languages},
	volume = {8},
	issn = {1617-9846, 1617-9854},
	url = {http://link.springer.com/article/10.1007/s10257-008-0108-y},
	doi = {10.1007/s10257-008-0108-y},
	shorttitle = {The challenge of conceptual modeling for product–service systems},
	abstract = {Confronted with decreasing margins and a rising customer demand for integrated solutions, manufacturing companies integrate complementary services into their portfolio. Offering value bundles (consisting of services and physical goods) takes place in integrated product–service systems, spanning the coordinated design and delivery of services and physical goods for customers. Conceptual Modeling is an established approach to support and guide such efforts. Using a framework for the design and delivery of value bundles as an analytical lens, this study evaluates the current support of reference models and modeling languages for setting up conceptual models for an integrated design and delivery of value bundles. Consecutively, designing modeling languages and reference models to fit the requirements of conceptual models in product–service systems are presented as upcoming challenges in Service Research. To guide further research, first steps are proposed by exemplarily integrating reference models and modeling languages stemming from the service and manufacturing domains.},
	pages = {33--66},
	number = {1},
	journaltitle = {Inf Syst E-Bus Manage},
	author = {Becker, Jörg and Beverungen, Daniel F. and Knackstedt, Ralf},
	urldate = {2014-10-06},
	date = {2010-01-01},
	langid = {english},
	keywords = {Business Information Systems, Conceptual modeling, Information Systems Applications (incl.Internet), Management/Business for Professionals, Modeling language, Product–service system, product service-systems, Reference model, Value bundle},
	file = {Full Text PDF:/home/sascha/.mozilla/firefox/vymomsvb.default/zotero/storage/9BCEDK8A/Becker et al. - 2010 - The challenge of conceptual modeling for product–s.pdf:application/pdf}
}

@incollection{erdmann_quantifizierung_2011,
	title = {Quantifizierung der Umwelteffekte des privaten Gebrauchtwarenhandels am Beispiel von {eBay}},
	rights = {©2011 Springer-Verlag Berlin Heidelberg},
	isbn = {978-3-642-19370-5 978-3-642-19371-2},
	url = {http://link.springer.com/chapter/10.1007/978-3-642-19371-2_5},
	series = {Zukunft und Forschung},
	abstract = {Der Online-Handel mit Gebrauchtwaren berührt zentrale Dimensionen einer nachhaltigen Entwicklung wie die Auswirkungen auf die Umwelt und soziale Teilhabe. Wir haben als Zugang zur Bewertung der Nachhaltigkeit die Umweltdimension gewählt – ohne ökonomische und soziale Zieldimensionen auszuschließen oder als nachrangig anzusehen. Dieser Zugang über die Umweltdimension ist als Heuristik zu verstehen, die auch andere Bewertungen zulässt. Beispielsweise ist der additive Konsum aus Umweltsicht eher negativ, aus dem Blickwinkel der sozialen Teilhabe aber eher positiv zu beurteilen.},
	pages = {127--158},
	number = {1},
	booktitle = {Wiederverkaufskultur im Internet},
	publisher = {Springer Berlin Heidelberg},
	author = {Erdmann, Lorenz},
	editor = {Behrendt, Siegfried and Blättel-Mink, Birgit and Clausen, Jens},
	date = {2011},
	langid = {german},
	keywords = {bearbeitet, Bezugsrahmen, Daten, Ebay-Studie, Effekt: + Nutzungsdauerverlängerung, Effekt: - Rebound-Effekt, Effekt: - Transaktionen, Environmental Management, gelesen, Ökobilanz-Modellierung der Nutzungsphase, Rebound effect, Zielgrößen},
	file = {Full Text PDF:/home/sascha/.mozilla/firefox/vymomsvb.default/zotero/storage/DBCN3KSJ/Erdmann - 2011 - Quantifizierung der Umwelteffekte des privaten Geb.pdf:application/pdf;Snapshot:/home/sascha/.mozilla/firefox/vymomsvb.default/zotero/storage/GCS93J4X/978-3-642-19371-2_5.html:text/html}
}

@article{hirschl_new_2003,
	title = {New concepts in product use for sustainable consumption},
	volume = {11},
	issn = {0959-6526},
	url = {http://www.sciencedirect.com/science/article/pii/S0959652602001622},
	doi = {10.1016/S0959-6526(02)00162-2},
	series = {Product Service Systems and Sustainable Consumption},
	abstract = {The paper presents the main results of a recent study on sustainable use of products. It reveals that strategies of use intensification and useful life extension are environmentally beneficial. Moreover, analysis of household washing and winter sports illustrated that successful implementation of sustainable use patterns occurs as a shift of use regimes. Such regimes are the result of a complex interplay of supply and demand side factors, relationship among actors, technical trajectories, organisational structures etc. One decisive factor is the presence of strategic players, so called “change agents”. In addition, four user types have been identified in a representative survey (“ownership-oriented”, “open-minded”, “consumption-oriented”, “low interest”) to which use intensification and useful life extension can be targeted.},
	pages = {873--881},
	number = {8},
	journaltitle = {Journal of Cleaner Production},
	author = {Hirschl, Bernd and Konrad, Wilfried and Scholl, Gerd},
	urldate = {2014-10-01},
	date = {2003-12},
	keywords = {Consumer acceptance, Life cycle assessment, nicht interessant, Product-service-systems, sustainable consumption}
}

@article{sorrell_empirical_2009,
	title = {Empirical estimates of the direct rebound effect: A review},
	volume = {37},
	url = {http://ideas.repec.org/a/eee/enepol/v37y2009i4p1356-1371.html},
	shorttitle = {Empirical estimates of the direct rebound effect},
	abstract = {Improvements in energy efficiency make energy services cheaper, and therefore encourage increased consumption of those services. This so-called direct rebound effect offsets the energy savings that may otherwise be achieved. This paper provides an overview of the theoretical and methodological issues relevant to estimating the direct rebound effect and summarises the empirical estimates that are currently available. The paper focuses entirely on household energy services, since this is where most of the evidence lies and points to a number of potential sources of bias that may lead the effect to be overestimated. For household energy services in the {OECD}, the paper concludes that the direct rebound effect should generally be less than 30\%.},
	pages = {1356--1371},
	number = {4},
	author = {Sorrell, Steve and Dimitropoulos, John and Sommerville, Matt},
	urldate = {2014-10-01},
	date = {2009},
	keywords = {Rebound effect}
}

@collection{hirschl_nachhaltige_2001,
	location = {Berlin},
	title = {Nachhaltige Produktnutzung: sozial-ökonomische Bedingungen und ökologische Vorteile alternativer Konsumformen},
	isbn = {3-89404-484-5},
	shorttitle = {Nachhaltige Produktnutzung},
	publisher = {Edition Sigma},
	editor = {Hirschl, Bernd},
	date = {2001},
	keywords = {bearbeitet, Bezugsrahmen, Daten, Definitionen, Energy consumption, gelesen, Germany, Household appliances, {IÖW} Studie, Klassifizierung, Ökobilanzen von Nutzen statt Besitzen, Sustainable development, Waschen, Wintersport}
}

@article{heinrichs_sharing_2013,
	title = {Sharing economy: A potential new pathway to sustainability},
	volume = {22},
	url = {http://search.proquest.com/openview/157d649d4aeb2757f07ee87e6e600cad/1?pq-origsite=gscholar},
	shorttitle = {Sharing economy},
	pages = {228},
	number = {4},
	author = {Heinrichs, Harald},
	urldate = {2015-07-23},
	date = {2013},
	file = {Snapshot:/home/sascha/.mozilla/firefox/vymomsvb.default/zotero/storage/CHKJ5G2H/1.html:text/html}
}

@book{scholl_nutzen_2012,
	title = {Nutzen statt Besitzen: Perspektiven für ressourceneffizienten Konsum durch innovative Dienstleistungen; Paper zu Arbeitspaket 12 "Konsumenten- und kundennahe Ressourcenpolitikoptionen" des Projekts "Materialeffizienz und Ressourcenschonung" ({MaRess})},
	url = {http://epub.wupperinst.org/frontdoor/index/index/docId/4336},
	shorttitle = {Nutzen statt Besitzen},
	author = {Scholl, Gerd and Schulz, Lasse and Süßbauer, Elisabeth and Otto, Siegmar},
	date = {2012-06-04},
	keywords = {bearbeitet, gelesen, nicht interessant},
	file = {MaRess_AP12_4.pdf:/home/sascha/.mozilla/firefox/vymomsvb.default/zotero/storage/V5Z8IAQ5/MaRess_AP12_4.pdf:application/pdf;Snapshot:/home/sascha/.mozilla/firefox/vymomsvb.default/zotero/storage/WN8C4ED3/4336.html:text/html}
}

@book{hirschl_produkte_2000,
	location = {Berlin},
	title = {Produkte länger und intensiver nutzen - das Beispiel private Textilwäsche: Fallstudie im Rahmen des Forschungsvorhabens "Neue Nutzungskonzepte für Produkte"},
	isbn = {3-932092-49-X 978-3-932092-49-7},
	shorttitle = {Produkte länger und intensiver nutzen - das Beispiel private Textilwäsche},
	publisher = {{IÖW}},
	author = {Hirschl, Bernd},
	date = {2000},
	keywords = {bearbeitet, gelesen, {IÖW} Studie},
	file = {IOEW_SR_149_Produkte_laenger_intensiver_nutzen_Bsp_private_Textilwaesche.pdf:/home/sascha/.mozilla/firefox/vymomsvb.default/zotero/storage/DAH533FK/IOEW_SR_149_Produkte_laenger_intensiver_nutzen_Bsp_private_Textilwaesche.pdf:application/pdf}
}

@book{baum_untersuchungen_1994,
	title = {Untersuchungen der Eignung von Car-Sharing im Hinblick auf Reduzierung von Stadtverkehrsproblemen; Schlussbericht},
	publisher = {Inst. für Verkehrswissenschaft},
	author = {Baum, Herbert and Pesch, Stephan},
	date = {1994}
}

@book{botsman_whats_2011,
	location = {London},
	edition = {Auflage: Trade Paperback.},
	title = {What’s Mine is Yours: The Rise of Collaborative Consumption},
	isbn = {978-0-00-739591-0},
	shorttitle = {What’s Mine is Yours},
	abstract = {In the 20th century humanity consumed products faster than ever, but this way of living is no longer sustainable. This new and important book shows how technological advances are driving forms of 'collaborative consumption' which will change forever the ways in which we interact both with businesses and with each other. The average lawn mower is used for four hours a year. The average power drill is used for only twenty minutes in its entire lifespan. The average car is unused for 22 hours a day, and even when it is being used there are normally three empty seats. Surely there must be a way to get the benefit out of things like mowers, drills and even cars, without having to carry the huge up-front costs of ownership? There is indeed. Collaborative consumption is not just a buzzword, it is a new win-win way of life. This insightful and thought-provoking new book by Rachel Botsman and Roo Rogers is an important and fast-moving survey of the dramatic changes we are seeing in the way we consume products. Many of us are familiar with freecycle, {eBay}, couchsurfing and Zipcar. But these are just the beginning of a new phenomenon. Rachel Botsman and Roo Rogers have interviewed business leaders and opinion formers around the world to draw together the many strands of Collaborative Consumption into a coherent and challenging argument to show that the way we did business and consumerism in the 20th century is not the way we will do it in the 21st century.},
	pagetotal = {280},
	publisher = {Collins},
	author = {Botsman, Rachel and Rogers, Roo},
	date = {2011-02-03}
}

@book{gossen_nutzen_2013,
	location = {Berlin},
	title = {Nutzen statt Besitzen: Motive und Potenziale der internetgestützten gemeinsamen Nutzung am Beispiel des Peer-to-Peer Car-Sharing},
	isbn = {978-3-940920-05-8 3-940920-05-3},
	shorttitle = {Nutzen statt Besitzen},
	publisher = {Institut für ökologische Wirtschaftsforschung, {IÖW}},
	author = {Gossen, Maike},
	date = {2013},
	keywords = {nicht interessant},
	file = {Gossen_2012.pdf:/home/sascha/.mozilla/firefox/vymomsvb.default/zotero/storage/SCJNP6BW/Gossen_2012.pdf:application/pdf}
}

@online{_okobilanz_????,
	title = {Ökobilanz nach {DIN} {EN} {ISO} 14040 und 14044},
	url = {http://www.forschungsinformationssystem.de/servlet/is/349763/},
	urldate = {2014-10-03},
	keywords = {Ökobilanz-Modellierung der Nutzungsphase}
}

@article{thomas_environmental_2011,
	title = {The environmental potential of reuse: an application to used books},
	volume = {6},
	issn = {1862-4065, 1862-4057},
	url = {http://link.springer.com/article/10.1007/s11625-010-0115-z},
	doi = {10.1007/s11625-010-0115-z},
	shorttitle = {The environmental potential of reuse},
	abstract = {Reuse is generally considered to have environmental benefits, but it has not yet been widely adopted in environmental policy or strategy. In this paper, a simple model of second-hand markets is explored with a case study of used books that illustrates the behavior of the model and shows that such a model is consistent with the data. Three questions of the dynamics of reuse are addressed: (1) If it becomes easier to buy and sell used goods (via Internet markets or other means), by how much will sales of used goods increase? (2) When sales of used goods increase, by how much will sales of new goods decrease? (3) When is reuse better than recycling? Expanding from the case study, the model is used to examine how reuse affects the consumption of new goods, and the relative merits of reuse versus recycling. When the used goods market is small, the ratio of the price of used and new goods, an observable quantity, is approximately equal to the fractional decrease in sales of new goods that will result from increased sales of used goods. A formulation of the environmental impact of reuse and recycling is developed that includes the market impact of reuse. Illustrating this formulation for books with a simplified analysis, reuse of books through sales in a second-hand market is estimated to save more than twice as much energy, with considerable uncertainty, than making books from recycled paper. The formulation provides a basis for identifying products and markets for which reuse can be an effective environmental strategy.},
	pages = {109--116},
	number = {1},
	journaltitle = {Sustain Sci},
	author = {Thomas, Valerie M.},
	date = {2011},
	langid = {english},
	keywords = {bearbeitet, Climate Change, Economic model, Effekt: + Nutzungsdauerverlängerung, Effekt: - Rebound-Effekt, Environmental Economics, Environmental Management, gelesen, Landscape Ecology, Nachfrageeffekte, ökonomisches Modell, Public Health/Gesundheitswesen, Rebound effect, Recycling, Reuse, Second-hand market, Sustainable development, Waste},
	file = {Full Text PDF:/home/sascha/.mozilla/firefox/vymomsvb.default/zotero/storage/IF3ZHNVJ/Thomas - 2011 - The environmental potential of reuse an applicati.pdf:application/pdf}
}

@book{scholl_produkte_1998,
	location = {Berlin},
	title = {Produkte länger und intensiver nutzen zur Systematisierung und ökologischen Beurteilung alternativer Nutzungskonzepte; erster Zwischenbericht des Forschungsvorhabens: "Ökologische Entlastungspotentiale, Umsetzungsprobleme und Entwicklungsperspektiven von Strategien zur Nutzungsdauerverlängerung ({NV}) und Nutzungsintzensivierung ({NI})"},
	isbn = {3-932092-33-3 978-3-932092-33-6},
	shorttitle = {Produkte länger und intensiver nutzen zur Systematisierung und ökologischen Beurteilung alternativer Nutzungskonzepte; erster Zwischenbericht des Forschungsvorhabens},
	publisher = {{IÖW}},
	author = {Scholl, Gerd and Hirschl, Bernd and Tibitanzl, Frank},
	date = {1998},
	keywords = {bearbeitet, gelesen, {IÖW} Studie},
	file = {IOEW_SR_134_produkte_laenger_und_intensiver_nutzen.pdf:/home/sascha/.mozilla/firefox/vymomsvb.default/zotero/storage/6WEBRG34/IOEW_SR_134_produkte_laenger_und_intensiver_nutzen.pdf:application/pdf}
}

@book{behrendt_wiederverkaufskultur_2011,
	location = {Berlin, Heidelberg},
	title = {Wiederverkaufskultur im Internet: Chancen für nachhaltigen Konsum am Beispiel von {eBay}},
	isbn = {978-3-642-19371-2},
	series = {Zukunft und Forschung},
	shorttitle = {Wiederverkaufskultur im Internet},
	number = {1},
	publisher = {Springer-Verlag Berlin Heidelberg},
	author = {Behrendt, Siegfried and Blättel-Mink, Birgit and Clausen, Jens},
	date = {2011},
	keywords = {bearbeitet, Ebay-Studie, Environmental sciences / Environmental management, gelesen},
	file = {Inhaltsverzeichnis:/home/sascha/.mozilla/firefox/vymomsvb.default/zotero/storage/9X6V8KKG/Inhaltsverzeichnis.pdf:application/pdf;Literaturverzeichnis.pdf:/home/sascha/.mozilla/firefox/vymomsvb.default/zotero/storage/QNKFN5QZ/Literaturverzeichnis.pdf:application/pdf}
}

@article{hertwich_life_2005,
	title = {Life Cycle Approaches to Sustainable Consumption: A Critical Review},
	volume = {39},
	issn = {0013-936X},
	url = {http://dx.doi.org/10.1021/es0497375},
	doi = {10.1021/es0497375},
	shorttitle = {Life Cycle Approaches to Sustainable Consumption},
	abstract = {The 2002 World Summit for Sustainable Development in Johannesburg called for a comprehensive set of programs focusing on sustainable consumption and production. According to world leaders, these programs should rely on life cycle assessment ({LCA}) to promote sustainable patterns of production and consumption. Cleaner production is a well-established activity, and it uses {LCA}. {UNEP}, the European Union, and a number of national organizations have now begun to work on sustainable consumption. In developing sustainable consumption policies and activities, the use of {LCA} presents interesting opportunities that are not yet well-understood by policy makers. This paper reviews how life cycle approaches, primarily based on input?output analysis, have been used in the area of sustainable consumption:? to inform policy making, select areas of action, identify which lifestyles are more sustainable, advise consumers, and evaluate the effectiveness of sustainable consumption measures. Information on consumption patterns usually comes from consumer expenditure surveys. Different study designs and a better integration with consumer research can provide further interesting insights. Life-cycle approaches still need to be developed and tested. Current research is mostly descriptive; policy makers, however, require more strategic analysis addressing their decision options, including scenario analysis and backcasting.},
	pages = {4673--4684},
	number = {13},
	journaltitle = {Environ. Sci. Technol.},
	author = {Hertwich, Edgar G.},
	urldate = {2014-10-01},
	date = {2005-07-01},
	keywords = {nicht interessant},
	file = {ACS Full Text PDF w/ Links:/home/sascha/.mozilla/firefox/vymomsvb.default/zotero/storage/4DGK3D3C/Hertwich - 2005 - Life Cycle Approaches to Sustainable Consumption .pdf:application/pdf}
}

@book{scholl_marketing_2009,
	location = {Marburg},
	title = {Marketing nachhaltiger Dienstleistungen: Bedingungen der Übernahme und Empfehlungen zur Vermarktung von eigentumsersetzenden Konsumpraktiken},
	isbn = {978-3-89518-741-4},
	series = {Wirtschaftswissenschaftliche Nachhaltigkeitsforschung},
	shorttitle = {Marketing nachhaltiger Dienstleistungen},
	number = {7},
	publisher = {Metropolis-Verl.},
	author = {Scholl, Gerd},
	date = {2009},
	keywords = {bearbeitet, Definitionen, Dienstleistung, Dienstleistungsmarketing, Effekt: + anderer, Effekt: + Geräteauslastung, Effekt: + langlebige Produkte, Effekt: + Nachfrageverringerung, Effekt: + Nutzungsdauerverlängerung, Effekt: + technischer Fortschritt, Effekt: + verbrauchsarme Geräte, Effekt: + Vermeidung von Fehlkäufen, Effekt: - anderer, Effekt: - Beschleunigte Ausmusterung, Effekt: - Erleichterter Produktzugang, Effekt: - Langlebigkeit, Effekt: - Rebound-Effekt, Effekt: - Transaktionen, Effekt: - Wunsch nach Eigentum, gelesen, Interdisziplinäre Forschung, Konsumgut / Eigentum / Miete / Nachhaltigkeit / Dienstleistung / Marketing, Kostenvergleich, Nachhaltigkeit, Nutzungsintensivierung, Transaktionskosten},
	file = {Scholl_2009_Kap_2_2.pdf:/home/sascha/.mozilla/firefox/vymomsvb.default/zotero/storage/MHWMFW5Z/Scholl_2009_Kap_2_2.pdf:application/pdf}
}

@book{hrauda_eco_1999,
	location = {Wien},
	title = {Eco services for sustainable development in the European Union ecological und economic potential of eco services for the sustainable use of products and the example of renting, leasing, pooling and sharing ; Projektnummer {ENV}4-{CT}97-0606 ; Länderbericht Österreich},
	isbn = {3-901173-27-7 978-3-901173-27-1},
	publisher = {{BMWV}},
	author = {Hrauda, Gabriele and Jasch, Christine},
	date = {1999},
	keywords = {{EU} Studie, nicht interessant},
	file = {Hrauda_1999.pdf:/home/sascha/.mozilla/firefox/vymomsvb.default/zotero/storage/32ND26GD/Hrauda_1999.pdf:application/pdf}
}

@book{behrendt_eco-service_2003,
	location = {Sheffield},
	title = {Eco-service development: reinventing supply and demand in the European Union},
	isbn = {1-874719-44-6},
	shorttitle = {Eco-service development},
	publisher = {Greenleaf},
	author = {Behrendt, Siegfried},
	date = {2003},
	keywords = {bearbeitet, Europäische Union / Dienstleistung / Sekundärleistung / Verbraucherverhalten / Umweltverträglichkeit, {EU} Studie, gelesen, Supply and demand, Sustainable development / European Union}
}

@collection{tukker_new_2006,
	location = {Sheffield},
	title = {New business for old Europe: product-service development, competitiveness and sustainability},
	isbn = {1-874719-92-6 978-1-874719-92-2},
	shorttitle = {New business for old Europe},
	pagetotal = {479},
	publisher = {Greenleaf Publ.},
	editor = {Tukker, Arnold and Tischner, Ursula},
	date = {2006},
	keywords = {*New products / Europe, *Produktentwicklung / Dienstleistung / Sekundärleistung / Wettbewerb / Nachhaltigkeit, bearbeitet, gelesen, product service-systems, Sustainable development / Europe}
}

@article{fischer_nachhaltiger_2011,
	title = {Nachhaltiger Konsum: Wie lässt sich Nachhaltigkeit im Konsum beurteilen},
	url = {http://www.researchgate.net/publication/52002873_Nachhaltiger_Konsum_Wie_lsst_sich_Nachhaltigkeit_im_Konsum_beurteilen/file/60b7d52172298433cf.pdf},
	shorttitle = {Nachhaltiger Konsum},
	pages = {73--88},
	author = {Fischer, Daniel and Michelsen, Gerd and Blättel-Mink, {BIRGIT} and Di Giulio, Antonietta},
	urldate = {2014-10-02},
	date = {2011},
	keywords = {nicht interessant},
	file = {[PDF] von researchgate.net:/home/sascha/.mozilla/firefox/vymomsvb.default/zotero/storage/NQHV2FZN/Fischer et al. - 2011 - Nachhaltiger Konsum Wie lässt sich Nachhaltigkeit.pdf:application/pdf}
}

@article{hertwich_consumption_2005,
	title = {Consumption and the Rebound Effect: An Industrial Ecology Perspective},
	volume = {9},
	issn = {1530-9290},
	url = {http://onlinelibrary.wiley.com/doi/10.1162/1088198054084635/abstract},
	doi = {10.1162/1088198054084635},
	shorttitle = {Consumption and the Rebound Effect},
	abstract = {Measures taken to protect the environment often have other, unintended effects on society. One concern is that changed behavior may offset part of the environmental gain, something that has variously been labeled “take-back” or “rebound.” In energy economics, the rebound effect encompasses both the behavioral and systems responses to cost reductions of energy services as a result of energy efficiency measures. From an industrial ecology perspective, we are concerned about more than just energy use. Any given efficiency measure has several types of environmental impacts. Changes in the various impact indicators are not necessarily in the same direction. Both co-benefits and negative side effects of measures directed to solve one type of problem have been identified. Environment is often a free input, so that a price-based rebound effect is not expected, but other indirect effects not connected to the price, such as spillover of environmental behavior, also occur. If the costs and impact of products that are already environmentally friendly are reduced, the “rebound” can be in the opposite, desired direction. Furthermore, I identify technical spillover effects. Hence a number of related effects, often producing positive results, are not as well understood. Household environmental impact assessments and eco-efficiency assessments take into account the rebound effect, but they do not necessarily take into account these other effects. The analysis hence indicates that the current focus on the rebound effect is too narrow and needs to be extended to cover co-benefits, negative side effects, and spillover effects.},
	pages = {85--98},
	number = {1},
	author = {Hertwich, Edgar G.},
	urldate = {2014-10-01},
	date = {2005-01-01},
	langid = {english},
	keywords = {Rebound effect},
	file = {Full Text PDF:/home/sascha/.mozilla/firefox/vymomsvb.default/zotero/storage/9NINC788/Hertwich - 2005 - Consumption and the Rebound Effect An Industrial .pdf:application/pdf}
}

@book{schmidt-bleek_maia:_1998,
	location = {Berlin [u.a.]},
	title = {{MAIA}: Einführung in die Material-Intensitäts-Analyse nach dem {MIPS}-Konzept},
	isbn = {3-7643-5949-8 978-3-7643-5949-2 3-7776-1061-5 978-3-7776-1061-0},
	shorttitle = {{MAIA}},
	publisher = {Birkhäuser},
	author = {Schmidt-Bleek, Friedrich},
	date = {1998},
	keywords = {bearbeitet, gelesen, {MAIA}/{MIPS}}
}

@article{mont_reducing_2004,
	title = {Reducing Life-Cycle Environmental Impacts through Systems of Joint Use},
	volume = {2004},
	doi = {10.9774/GLEAF.3062.2004.sp.00006},
	abstract = {This paper addresses the increasing complexity of life-cycle thinking at the supply chain level. In order to reduce life-cycle environmental impacts the supply chain perspective needs to be extended to include management of stakeholders, who are traditionally not viewed as part of the supply chain. Stakeholder collaboration may positively affect the life-cycle environmental impacts and help develop innovative products and services for customers. The paper draws on results of an action research that creates several scenarios for providing the service of power tools and garden equipment to households. The scenarios are based on data from a household survey, interviews with relevant actors and stakeholder workshops, during which the scenarios were evaluated. Life-cycle environmental impacts of the developed scenarios are estimated, as well as the costs for consumers. The roles of various actors in the system of service provision are discussed. Suggestions are provided for how the common goal of value delivery to final customers may potentially reduce life-cycle environmental impacts and what barriers exist for various actors to actively participate in such a system.},
	pages = {63--77},
	number = {45},
	journaltitle = {Greener Management International},
	author = {Mont, Oksana},
	date = {2004-03-01},
	keywords = {Life-Cycle Environmental Impacts, nicht interessant, Product-Service Systems, Value System Management},
	file = {EBSCO Full Text:/home/sascha/.mozilla/firefox/vymomsvb.default/zotero/storage/RB6HH9DS/Mont - 2004 - Reducing Life-Cycle Environmental Impacts through .pdf:application/pdf}
}

@article{girod_more_2010,
	title = {More or Better? A Model for Changes in Household Greenhouse Gas Emissions due to Higher Income},
	volume = {14},
	rights = {© 2010 by Yale University},
	issn = {1530-9290},
	url = {http://onlinelibrary.wiley.com/doi/10.1111/j.1530-9290.2009.00202.x/abstract},
	doi = {10.1111/j.1530-9290.2009.00202.x},
	shorttitle = {More or Better?},
	abstract = {Households exert an important influence on total greenhouse gas ({GHG}) emissions. Therefore, their consumption behavior is of interest in evaluations of climate policy options and projections of future emission paths. While most evaluations of household consumption and its emissions are based on expenditure only, we use a household consumption model based on functional units (e.g., kg food, person kilometers, living square meters). The goal of this article is to assess changes in consumption with increasing affluence level of households and to compare the allocation of {GHG} emissions to monetary versus functional units. We find that (1) the model based on functional units provides good bottom-up estimates for greenhouse emissions of Swiss households; (2) quality (price per functional unit) increases with income for many consumption categories, and therefore using functional instead of monetary units leads to a lower increase of greenhouse gas emissions with income; (3) the relevance of {GHG} emissions from goods and mobility will increase. We conclude that using household models based on monetary units only overestimates the impact of marginal consumption and neglects the potential of decoupling income and environmental impact by consuming better instead of more. For sustainable consumption, research and policy should aim at preventing goods of higher quality from having higher environmental impact in order to benefit from the increasing quality orientation with rising income.},
	pages = {31--49},
	number = {1},
	author = {Girod, Bastien and De Haan, Peter},
	urldate = {2014-10-08},
	date = {2010-01-01},
	langid = {english},
	keywords = {consumer behavior, consumption, functional unit, household, {INDUSTRIAL} ecology, Rebound effect, sustainable consumption},
	file = {Full Text PDF:/home/sascha/.mozilla/firefox/vymomsvb.default/zotero/storage/76H4N23M/Girod und De Haan - 2010 - More or Better A Model for Changes in Household G.pdf:application/pdf}
}

@book{leismann_nutzen_2012,
	location = {Berlin},
	title = {Nutzen statt Besitzen: auf dem Weg zu einer ressourcenschonenden Konsumkultur : eine Kurzstudie},
	isbn = {978-3-86928-094-3 3-86928-094-8},
	shorttitle = {Nutzen statt Besitzen},
	publisher = {Heinrich-Böll-Stiftung},
	author = {Leismann, Kristin and Enterlein, Indra},
	date = {2012},
	keywords = {bearbeitet, Beispiele für Produkte/Nutzungssysteme, gelesen, positive/negative Auswirkungen},
	file = {Leismann, Enterlein 2012 - Nutzen statt Besitzen.pdf:/home/sascha/.mozilla/firefox/vymomsvb.default/zotero/storage/DX2MDGJ2/Leismann, Enterlein 2012 - Nutzen statt Besitzen.pdf:application/pdf}
}

@article{yokoo_economic_2010,
	title = {An economic theory of reuse},
	volume = {5},
	issn = {1862-4065, 1862-4057},
	url = {http://link.springer.com/article/10.1007/s11625-009-0091-3},
	doi = {10.1007/s11625-009-0091-3},
	abstract = {An economic model of reuse is developed to analyse the effect of reuse activity on the amount of waste in the economy and the welfare of consumers. The paper adapts the theory of durable goods and second-hand markets. There is only one type of good, a durable good, which last two periods. A durable good is called ‘new’ in the first period and ‘used’ in the second period. Following Kim (Int Econ J 3:53–63, 1989), it is assumed that consumers differ in valuing the service rate of used goods. Their valuations are represented by a parameter θ, with a higher θ denoting consumers with a greater willingness to pay. In this study, high-θ consumers are referred to as reuse-friendly consumers. The new durable good is supplied in a competitive market. After the purchaser has used the good for one period, (s)he can sell it, keep it or throw it away. If a consumer decides to enter the second-hand market, (s)he has to pay a transaction cost. In equilibrium, the price of used goods will be determined endogenously by a second-hand market; it depends on the value of transaction costs. Thus, whether the second-hand market exists or not also depends on the value of transaction costs. It is shown that the amount of durable goods that is wasted is minimal when a second-hand market exists. When a second-hand market does not exist, increase in reuse-friendly consumers leads to decrease in the amount of waste. In the case of the second-hand market, when many consumers begin to reuse, the welfare of consumers who do not buy used goods will be improved.},
	pages = {143--150},
	number = {1},
	journaltitle = {Sustain Sci},
	author = {Yokoo, Hide-Fumi},
	date = {2010},
	langid = {english},
	keywords = {bearbeitet, Climate Change, Durable good, Economic model, Effekt: + Nutzungsdauerverlängerung, Environmental Economics, Environmental Management, gelesen, Landscape Ecology, Nachfrageeffekte, ökonomisches Modell, Public Health/Gesundheitswesen, Reuse, Second-hand market, Sustainable development, Waste},
	file = {Full Text PDF:/home/sascha/.mozilla/firefox/vymomsvb.default/zotero/storage/35AACDRJ/Yokoo - 2010 - An economic theory of reuse.pdf:application/pdf}
}

@collection{rabelt_nachhaltiger_2007,
	location = {München},
	title = {Nachhaltiger nutzen: Möglichkeiten und Grenzen neuer Nutzungsstrategien},
	isbn = {3-86581-024-1 978-3-86581-024-3},
	shorttitle = {Nachhaltiger nutzen},
	pagetotal = {317},
	publisher = {oekom-Verl.},
	editor = {Rabelt, Vera},
	date = {2007},
	keywords = {*Nachhaltigkeit / Aufsatzsammlung, bearbeitet, Effekt: + Nutzungsdauerverlängerung, gelesen, Kreislaufwirtschaft / Konsumgüter / Nutzungsdauer / Dienstleistung / Nachhaltige Entwicklung / Deutschland / Gemeinschaftsnutzung}
}

@article{tukker_eight_2004,
	title = {Eight types of product–service system: eight ways to sustainability? Experiences from {SusProNet}},
	volume = {13},
	rights = {Copyright © 2004 John Wiley \& Sons, Ltd. and {ERP} Environment},
	issn = {1099-0836},
	url = {http://onlinelibrary.wiley.com/doi/10.1002/bse.414/abstract},
	doi = {10.1002/bse.414},
	shorttitle = {Eight types of product–service system},
	abstract = {Function-oriented business models or product–service systems ({PSSs}) are often seen as an excellent means for achieving ‘factor 4’. {SusProNet}, an {EU} network on {PSSs}, showed a more complicated reality. At least eight different types of {PSS} exist, with quite diverging economic and environmental characteristics. The economic potential of each type was evaluated in terms of (i) tangible and intangible value for the user, (ii) tangible costs and risk premium for the provider, (iii) capital/investment needs and (iv) issues such as the providers' position in the value chain and client relations. The environmental potential was evaluated by checking the relevance of certain impact reduction mechanisms (e.g. more intensive use of capital goods, inherent incentives for sustainable user and provider behaviour etc.). Most {PSS} types will result in marginal environmental improvements at best. The exception is the {PSS} type known as functional results, but here liability and risk premium issues, amongst others, need a solution. Copyright © 2004 John Wiley \& Sons, Ltd and {ERP} Environment.},
	pages = {246--260},
	number = {4},
	journaltitle = {Bus. Strat. Env.},
	author = {Tukker, Arnold},
	urldate = {2014-10-01},
	date = {2004-07-01},
	langid = {english},
	keywords = {Klassifizierung, positive/negative Auswirkungen, product service-systems},
	file = {Full Text PDF:/home/sascha/.mozilla/firefox/vymomsvb.default/zotero/storage/ERS72HIM/Tukker - 2004 - Eight types of product–service system eight ways .pdf:application/pdf}
}

@book{klemmer_okoeffiziente_2013,
	title = {Ökoeffiziente Dienstleistungen: Dokumentation einer Workshopreihe zur Intensivierung der Branchenkommunikation},
	isbn = {978-3-0348-6356-8},
	shorttitle = {Ökoeffiziente Dienstleistungen},
	pagetotal = {207},
	publisher = {Springer-Verlag},
	author = {Klemmer, Paul and Hinterberger, Friedrich},
	date = {2013-11-11},
	langid = {german},
	keywords = {Science / Environmental Science, Science / Life Sciences / Ecology}
}

@book{behrendt_car-sharing_2000,
	title = {Car-Sharing - Nachhaltige Mobilität durch eigentumslose {PKW}-Nutzung?},
	author = {Behrendt, Siegfried},
	date = {2000},
	keywords = {bearbeitet, Car-Sharing, Daten, {EU} Studie, gelesen, nicht interessant},
	file = {IZT_WB43.pdf:/home/sascha/.mozilla/firefox/vymomsvb.default/zotero/storage/U7EGECCW/IZT_WB43.pdf:application/pdf}
}

@incollection{blattel-mink_nachhaltigkeit_2011,
	title = {Nachhaltigkeit im online gestützten Gebrauchtwarenhandel: empirische Befunde auf der subjektiven Ebene},
	rights = {©2011 Springer-Verlag Berlin Heidelberg},
	isbn = {978-3-642-19370-5 978-3-642-19371-2},
	url = {http://link.springer.com/chapter/10.1007/978-3-642-19371-2_4},
	series = {Zukunft und Forschung},
	shorttitle = {Nachhaltigkeit im online gestützten Gebrauchtwarenhandel},
	abstract = {Die empirische Erfassung des online gestützten Gebrauchtwarenhandels, insbesondere unter Fokussierung auf Nachhaltigkeit, muss als komplex angesehen werden. Dies wurde in den theoretischen Vorüberlegungen in Kap. 3 deutlich. Die Komplexität ergibt sich zum einen aufgrund der Vielfalt relevanter sozialer Einflussgrößen, die sich durch die Aufarbeitung der bisherigen und kontextuell bedeutsamen Forschungsbereiche ergab. Neben der theoretischen Beachtung von Lebensstil- und Umweltforschung fanden auch Umwelt-, Technik-, Medien- und Innovationsforschung Eingang in die theoretische Verortung eines (nachhaltigen) Handels der {eBay}-{NutzerInnen}. Zum anderen ist der Gebrauchtwarenmarkt an sich hoch komplex, da er aufgrund der angebotenen Produktvielfalt sehr heterogen ist. Zum vertiefenden Verstehen des online gestützten Gebrauchtwarenmarktes trägt die empirische Forschungsphase bei, die in drei Teilphasen untergliedert wurde. Dabei wurden quantitative Methoden ebenso eingesetzt wie qualitative. Die verwendeten Methoden sind dabei eng mit einander verbunden und bauen forschungslogisch aufeinander auf. Im folgenden Abschnitt wird das methodische Vorgehen vorgestellt (Abschn. 4.1). Anschließend werden die Ergebnisse der online Befragung von ebay-{NutzerInnen} aus verschiedenen Perspektiven (Abschn. 4.2) unter Rückgriff auf die theoretischen Vorüberlegungen dargestellt. Dem schließt sich eine Typologie der Konsumtypen im online gestützten Gebrauchtwarenhandel (Abschn. 4.8) an. Die Ergebnisse der vertiefenden Befragungen mit ausgewählten Personen unter Fokussierung des Einflusses von Lebensphasen werden im Abschn. 4.9 präsentiert. Das Kapitel schließt mit einer Zusammenfassung der zentralen Ergebnisse der empirischen Phase.},
	pages = {69--126},
	number = {1},
	booktitle = {Wiederverkaufskultur im Internet},
	publisher = {Springer Berlin Heidelberg},
	author = {Blättel-Mink, Birgit and Bender, Saskia-Fee and Dalichau, Dirk and Hattenhauer, Merle},
	editor = {Behrendt, Siegfried and Blättel-Mink, Birgit and Clausen, Jens},
	urldate = {2014-10-01},
	date = {2011-01-01},
	langid = {german},
	keywords = {Daten, Ebay-Studie, Environmental Management, Gebrauchtwarenhandel, gelesen, Internet},
	file = {Full Text PDF:/home/sascha/.mozilla/firefox/vymomsvb.default/zotero/storage/TBSITTAK/Blättel-Mink et al. - 2011 - Nachhaltigkeit im online gestützten Gebrauchtwaren.pdf:application/pdf;Snapshot:/home/sascha/.mozilla/firefox/vymomsvb.default/zotero/storage/TRSKQ7HG/978-3-642-19371-2_4.html:text/html}
}

@book{botsman_whats_2010,
	location = {New York},
	title = {What's Mine Is Yours: The Rise of Collaborative Consumption},
	isbn = {978-0-06-196354-4},
	shorttitle = {What's Mine Is Yours},
	pagetotal = {304},
	publisher = {{HarperBusiness}},
	author = {Botsman, Rachel and Rogers, Roo},
	date = {2010-09-14}
}

@book{behrendt_nachhaltig_2000,
	title = {Nachhaltig Waschen - Umweltentlastung durch gemeinschaftliche Nutzungsformen?},
	author = {Behrendt, Siegfried and Pfitzner, Ralf},
	date = {2000},
	keywords = {bearbeitet, Daten, {EU} Studie, gelesen, nicht interessant, Waschen},
	file = {IZT_WB42.pdf:/home/sascha/.mozilla/firefox/vymomsvb.default/zotero/storage/4WAKEGTB/IZT_WB42.pdf:application/pdf}
}

@incollection{behrendt_chancen_2011,
	title = {Chancen und Grenzen für einen nachhaltigen Konsum},
	rights = {©2011 Springer-Verlag Berlin Heidelberg},
	isbn = {978-3-642-19370-5 978-3-642-19371-2},
	url = {http://link.springer.com/chapter/10.1007/978-3-642-19371-2_7},
	series = {Zukunft und Forschung},
	abstract = {In den vergangenen Jahren wurden weitgehend unabhängig von Fragen des nachhaltigen Konsums zahlreiche neue Geschäfts- und Erlösmodelle für internetgestützte Handels- und Vertriebsformen entwickelt. Die Ausführungen machen deutlich, dass diese als Medium und Markttransaktionsform zukünftig von zentraler Bedeutung für einen nachhaltigen Konsum sind. Mit Blick auf die forschungsleitende Frage „Welche Nachhaltigkeitspotenziale mit dem elektronischen Handel und dem Rollenwandel vom Konsumenten zum Prosumenten verbunden sind und wie diese erfolgreich erschlossen werden können“, liefert die Analyse wichtige Einsichten. Zum Ersten soll im folgenden resümierend der Frage nachgegangen werden, inwieweit sich die herangezogenen Methoden und Ansätze für die Untersuchung hochdynamischer Konsumprozesse eignen und was dies für die sozial-ökologische Forschung impliziert. Zum Zweiten können auf Basis der gewonnenen Daten die Chancen des Gebrauchtwarenhandels für einen nachhaltigen Konsum bewertet werden. Dies fokussiert auf die Erschließung von Umweltentlastungspotenzialen und auf die Frage nach der Gestaltung von Rahmenbedingungen.},
	pages = {189--195},
	number = {1},
	booktitle = {Wiederverkaufskultur im Internet},
	publisher = {Springer Berlin Heidelberg},
	author = {Behrendt, Siegfried and Henseling, Christine and Erdmann, Lorenz},
	editor = {Behrendt, Siegfried and Blättel-Mink, Birgit and Clausen, Jens},
	urldate = {2014-10-01},
	date = {2011-01-01},
	langid = {german},
	keywords = {bearbeitet, Ebay-Studie, Environmental Management, gelesen, Modellierung, Ökobilanzen von Nutzen statt Besitzen, Ökobilanz-Modellierung der Nutzungsphase},
	file = {Full Text PDF:/home/sascha/.mozilla/firefox/vymomsvb.default/zotero/storage/N65IPMIS/Behrendt et al. - 2011 - Chancen und Grenzen für einen nachhaltigen Konsum.pdf:application/pdf;Snapshot:/home/sascha/.mozilla/firefox/vymomsvb.default/zotero/storage/FDCIGPHD/978-3-642-19371-2_7.html:text/html}
}

@article{tukker_product-services_2006,
	title = {Product-services as a research field: past, present and future. Reflections from a decade of research},
	volume = {14},
	issn = {0959-6526},
	url = {http://www.sciencedirect.com/science/article/pii/S0959652606000862},
	doi = {10.1016/j.jclepro.2006.01.022},
	series = {Product Service Systems: reviewing achievements and refining the research agenda},
	shorttitle = {Product-services as a research field},
	abstract = {In the last decade many researchers, institutes and programs in the {EU} paid attention to product-service systems ({PSS}). Given this massive effort, it is time to take stock. Is {PSS} research a theoretical field in its own right? Is the {PSS} concept indeed the road to the Factor 10 world? Is it the road to enhanced competitiveness? What is needed to really use the potential of the concept? This paper discusses these questions summarizing the analysis done in the {PSS} review book ‘New Business for Old Europe’, various {EU} sponsored projects and the conceptual approach chosen in a new research network on Sustainable Consumption and Production, called {SCORE}!},
	pages = {1552--1556},
	number = {17},
	journaltitle = {Journal of Cleaner Production},
	author = {Tukker, Arnold and Tischner, Ursula},
	urldate = {2014-10-06},
	date = {2006},
	keywords = {Business development, Eco-efficient, Factor 4, nicht verfügbar, Pooling, Product-oriented services, Product-services, product service-systems, Product-Service Systems, {PSS}, Renting, Result-oriented services, Sharing, Sustainability, System innovation}
}

@incollection{blattel-mink_nachhaltiger_2011,
	title = {Nachhaltiger Konsum in der Internetökonomie: Entwicklung einer integrativen Forschungsperspektive},
	url = {http://link.springer.com/chapter/10.1007/978-3-642-19371-2_2},
	shorttitle = {Nachhaltiger Konsum in der Internetökonomie},
	pages = {7--41},
	booktitle = {Wiederverkaufskultur im Internet},
	publisher = {Springer},
	author = {Blättel-Mink, Birgit and Bender, Saskia-Fee and Dalichau, Dirk and Erdmann, Lorenz},
	urldate = {2014-10-02},
	date = {2011},
	keywords = {bearbeitet, Ebay-Studie, gelesen},
	file = {[PDF] von newbooks-services.de:/home/sascha/.mozilla/firefox/vymomsvb.default/zotero/storage/JIF4W43A/Blättel-Mink et al. - 2011 - Nachhaltiger Konsum in der Internetökonomie Entwi.pdf:application/pdf;Systemansatz.pdf:/home/sascha/.mozilla/firefox/vymomsvb.default/zotero/storage/R8WPDCG4/Systemansatz.pdf:application/pdf}
}

@book{konrad_produkte_2000,
	location = {Berlin},
	title = {Produkte länger und intensiver nutzen - das Beispiel Wintersport: Fallstudie im Rahmen des Forschungsvorhabens "Neue Nutzungskonzepte für Produkte"},
	isbn = {3-932092-48-1 978-3-932092-48-0},
	shorttitle = {Produkte länger und intensiver nutzen - das Beispiel Wintersport},
	publisher = {{IÖW}},
	author = {Konrad, Wilfried},
	date = {2000},
	keywords = {bearbeitet, gelesen, {IÖW} Studie},
	file = {IOEW_SR_148_Produkte_laenger_intensiver_nutzen_Bsp_Wintersport.pdf:/home/sascha/.mozilla/firefox/vymomsvb.default/zotero/storage/XR8J9VAZ/IOEW_SR_148_Produkte_laenger_intensiver_nutzen_Bsp_Wintersport.pdf:application/pdf}
}

@article{thomas_demand_2003,
	title = {Demand and Dematerialization Impacts of Second-Hand Markets},
	volume = {7},
	url = {http://onlinelibrary.wiley.com/doi/10.1162/108819803322564352/abstract},
	pages = {65--78},
	number = {2},
	author = {Thomas, Valerie M.},
	urldate = {2014-10-03},
	date = {2003},
	keywords = {Nachfrageeffekte, ökonomisches Modell},
	file = {[PDF] von mit.edu:/home/sascha/.mozilla/firefox/vymomsvb.default/zotero/storage/CQKK3EAH/Thomas - 2003 - Demand and Dematerialization Impacts of Second-Han.pdf:application/pdf}
}