
@book{scholl_nutzen_2012,
	title = {Nutzen statt Besitzen: Perspektiven für ressourceneffizienten Konsum durch innovative Dienstleistungen; Paper zu Arbeitspaket 12 "Konsumenten- und kundennahe Ressourcenpolitikoptionen" des Projekts "Materialeffizienz und Ressourcenschonung" ({MaRess})},
	url = {http://epub.wupperinst.org/frontdoor/index/index/docId/4336},
	shorttitle = {Nutzen statt Besitzen},
	author = {Scholl, Gerd and Schulz, Lasse and Süßbauer, Elisabeth and Otto, Siegmar},
	date = {2012-06-04},
	file = {MaRess_AP12_4.pdf:C\:\\Users\\janos\\Firefox\\zotero\\storage\\V5Z8IAQ5\\MaRess_AP12_4.pdf:application/pdf;Snapshot:C\:\\Users\\janos\\Firefox\\zotero\\storage\\WN8C4ED3\\4336.html:text/html}
}

@book{behrendt_car-sharing_2000,
	title = {Car-Sharing - Nachhaltige Mobilität durch eigentumslose {PKW}-Nutzung?},
	author = {Behrendt, Siegfried},
	date = {2000},
	keywords = {Car-Sharing, Daten, {EU} Studie, gelesen, zusammengefasst},
	file = {IZT_WB43.pdf:C\:\\Users\\janos\\Firefox\\zotero\\storage\\U7EGECCW\\IZT_WB43.pdf:application/pdf}
}

@book{behrendt_oko-rent_2000,
	title = {Öko-Rent im Bereich Heimwerken, Baueigenleistungen und Gartenpflege},
	author = {Behrendt, Siegfried and Behr, Frank},
	date = {2000},
	keywords = {Daten, {EU} Studie, gelesen, Heimwerken, zusammengefasst},
	file = {Öko-Rent im Bereich "Heimwerken, Baueigenleistung und Gartenpflege" - IZT_WB41.pdf:C\:\\Users\\janos\\Firefox\\zotero\\storage\\Z794VE7K\\IZT_WB41.pdf:application/pdf}
}

@article{tukker_eight_2004,
	title = {Eight types of product–service system: eight ways to sustainability? Experiences from {SusProNet}},
	volume = {13},
	rights = {Copyright © 2004 John Wiley \& Sons, Ltd. and {ERP} Environment},
	issn = {1099-0836},
	url = {http://onlinelibrary.wiley.com/doi/10.1002/bse.414/abstract},
	doi = {10.1002/bse.414},
	shorttitle = {Eight types of product–service system},
	abstract = {Function-oriented business models or product–service systems ({PSSs}) are often seen as an excellent means for achieving ‘factor 4’. {SusProNet}, an {EU} network on {PSSs}, showed a more complicated reality. At least eight different types of {PSS} exist, with quite diverging economic and environmental characteristics. The economic potential of each type was evaluated in terms of (i) tangible and intangible value for the user, (ii) tangible costs and risk premium for the provider, (iii) capital/investment needs and (iv) issues such as the providers' position in the value chain and client relations. The environmental potential was evaluated by checking the relevance of certain impact reduction mechanisms (e.g. more intensive use of capital goods, inherent incentives for sustainable user and provider behaviour etc.). Most {PSS} types will result in marginal environmental improvements at best. The exception is the {PSS} type known as functional results, but here liability and risk premium issues, amongst others, need a solution. Copyright © 2004 John Wiley \& Sons, Ltd and {ERP} Environment.},
	pages = {246--260},
	number = {4},
	journaltitle = {Business Strategy and the Environment},
	shortjournal = {Bus. Strat. Env.},
	author = {Tukker, Arnold},
	urldate = {2014-10-01},
	date = {2004-07-01},
	langid = {english},
	keywords = {Klassifizierung, positive/negative Auswirkungen, product service-systems},
	file = {Full Text PDF:C\:\\Users\\janos\\Firefox\\zotero\\storage\\ERS72HIM\\Tukker - 2004 - Eight types of product–service system eight ways .pdf:application/pdf}
}

@book{scholl_produkte_1998,
	location = {Berlin},
	title = {Produkte länger und intensiver nutzen zur Systematisierung und ökologischen Beurteilung alternativer Nutzungskonzepte; erster Zwischenbericht des Forschungsvorhabens: "Ökologische Entlastungspotentiale, Umsetzungsprobleme und Entwicklungsperspektiven von Strategien zur Nutzungsdauerverlängerung ({NV}) und Nutzungsintzensivierung ({NI})"},
	isbn = {3932092333  9783932092336},
	shorttitle = {Produkte länger und intensiver nutzen zur Systematisierung und ökologischen Beurteilung alternativer Nutzungskonzepte; erster Zwischenbericht des Forschungsvorhabens},
	publisher = {{IÖW}},
	author = {Scholl, Gerd and Hirschl, Bernd and Tibitanzl, Frank},
	date = {1998},
	keywords = {{IÖW} Studie},
	file = {IOEW_SR_134_produkte_laenger_und_intensiver_nutzen.pdf:C\:\\Users\\janos\\Firefox\\zotero\\storage\\6WEBRG34\\IOEW_SR_134_produkte_laenger_und_intensiver_nutzen.pdf:application/pdf}
}

@article{becker_challenge_2010,
	title = {The challenge of conceptual modeling for product–service systems: status-quo and perspectives for reference models and modeling languages},
	volume = {8},
	issn = {1617-9846, 1617-9854},
	url = {http://link.springer.com/article/10.1007/s10257-008-0108-y},
	doi = {10.1007/s10257-008-0108-y},
	shorttitle = {The challenge of conceptual modeling for product–service systems},
	abstract = {Confronted with decreasing margins and a rising customer demand for integrated solutions, manufacturing companies integrate complementary services into their portfolio. Offering value bundles (consisting of services and physical goods) takes place in integrated product–service systems, spanning the coordinated design and delivery of services and physical goods for customers. Conceptual Modeling is an established approach to support and guide such efforts. Using a framework for the design and delivery of value bundles as an analytical lens, this study evaluates the current support of reference models and modeling languages for setting up conceptual models for an integrated design and delivery of value bundles. Consecutively, designing modeling languages and reference models to fit the requirements of conceptual models in product–service systems are presented as upcoming challenges in Service Research. To guide further research, first steps are proposed by exemplarily integrating reference models and modeling languages stemming from the service and manufacturing domains.},
	pages = {33--66},
	number = {1},
	journaltitle = {Information Systems and e-Business Management},
	shortjournal = {Inf Syst E-Bus Manage},
	author = {Becker, Jörg and Beverungen, Daniel F. and Knackstedt, Ralf},
	urldate = {2014-10-06},
	date = {2010-01-01},
	langid = {english},
	keywords = {Business Information Systems, Conceptual modeling, Information Systems Applications (incl.Internet), Management/Business for Professionals, Modeling language, Product–service system, product service-systems, Reference model, Value bundle},
	file = {Full Text PDF:C\:\\Users\\janos\\Firefox\\zotero\\storage\\9BCEDK8A\\Becker et al. - 2010 - The challenge of conceptual modeling for product–s.pdf:application/pdf}
}

@collection{tukker_new_2006,
	location = {Sheffield},
	title = {New business for old Europe: product-service development, competitiveness and sustainability},
	isbn = {1-87471-992-6, 978-1-874719-92-2},
	shorttitle = {New business for old Europe},
	pagetotal = {479},
	publisher = {Greenleaf Publ.},
	editor = {Tukker, Arnold and Tischner, Ursula},
	date = {2006},
	keywords = {*New products / Europe, *Produktentwicklung / Dienstleistung / Sekundärleistung / Wettbewerb / Nachhaltigkeit, product service-systems, Sustainable development / Europe}
}

@book{leismann_nutzen_2012,
	location = {Berlin},
	title = {Nutzen statt Besitzen: auf dem Weg zu einer ressourcenschonenden Konsumkultur : eine Kurzstudie},
	isbn = {9783869280943 3869280948},
	shorttitle = {Nutzen statt Besitzen},
	publisher = {Heinrich-Böll-Stiftung},
	author = {Leismann, Kristin and Enterlein, Indra},
	date = {2012},
	keywords = {Beispiele für Produkte/Nutzungssysteme, gelesen, positive/negative Auswirkungen, zusammengefasst},
	file = {Leismann, Enterlein 2012 - Nutzen statt Besitzen.pdf:C\:\\Users\\janos\\Firefox\\zotero\\storage\\DX2MDGJ2\\Leismann, Enterlein 2012 - Nutzen statt Besitzen.pdf:application/pdf}
}

@book{botsman_whats_2011,
	location = {London},
	edition = {Auflage: Trade Paperback.},
	title = {What’s Mine is Yours: The Rise of Collaborative Consumption},
	isbn = {9780007395910},
	shorttitle = {What’s Mine is Yours},
	abstract = {In the 20th century humanity consumed products faster than ever, but this way of living is no longer sustainable. This new and important book shows how technological advances are driving forms of 'collaborative consumption' which will change forever the ways in which we interact both with businesses and with each other. The average lawn mower is used for four hours a year. The average power drill is used for only twenty minutes in its entire lifespan. The average car is unused for 22 hours a day, and even when it is being used there are normally three empty seats. Surely there must be a way to get the benefit out of things like mowers, drills and even cars, without having to carry the huge up-front costs of ownership? There is indeed. Collaborative consumption is not just a buzzword, it is a new win-win way of life. This insightful and thought-provoking new book by Rachel Botsman and Roo Rogers is an important and fast-moving survey of the dramatic changes we are seeing in the way we consume products. Many of us are familiar with freecycle, {eBay}, couchsurfing and Zipcar. But these are just the beginning of a new phenomenon. Rachel Botsman and Roo Rogers have interviewed business leaders and opinion formers around the world to draw together the many strands of Collaborative Consumption into a coherent and challenging argument to show that the way we did business and consumerism in the 20th century is not the way we will do it in the 21st century.},
	pagetotal = {280},
	publisher = {Collins},
	author = {Botsman, Rachel and Rogers, Roo},
	date = {2011-02-03}
}

@book{baum_untersuchungen_1994,
	title = {Untersuchungen der Eignung von Car-Sharing im Hinblick auf Reduzierung von Stadtverkehrsproblemen; Schlussbericht},
	publisher = {Inst. für Verkehrswissenschaft},
	author = {Baum, Herbert and Pesch, Stephan},
	date = {1994}
}

@book{scholl_marketing_2009,
	location = {Marburg},
	title = {Marketing nachhaltiger Dienstleistungen: Bedingungen der Übernahme und Empfehlungen zur Vermarktung von eigentumsersetzenden Konsumpraktiken},
	isbn = {978-3-89518-741-4},
	series = {Wirtschaftswissenschaftliche Nachhaltigkeitsforschung},
	shorttitle = {Marketing nachhaltiger Dienstleistungen},
	number = {7},
	publisher = {Metropolis-Verl.},
	author = {Scholl, Gerd},
	date = {2009},
	keywords = {Dienstleistung, Dienstleistungsmarketing, Interdisziplinäre Forschung, Konsumgut / Eigentum / Miete / Nachhaltigkeit / Dienstleistung / Marketing, Nachhaltigkeit}
}

@book{behrendt_nachhaltig_2000,
	title = {Nachhaltig Waschen - Umweltentlastung durch gemeinschaftliche Nutzungsformen?},
	author = {Behrendt, Siegfried and Pfitzner, Ralf},
	date = {2000},
	keywords = {Daten, {EU} Studie, gelesen, Waschen, zusammengefasst},
	file = {IZT_WB42.pdf:C\:\\Users\\janos\\Firefox\\zotero\\storage\\4WAKEGTB\\IZT_WB42.pdf:application/pdf}
}

@incollection{erdmann_quantifizierung_2011,
	title = {Quantifizierung der Umwelteffekte des privaten Gebrauchtwarenhandels am Beispiel von {eBay}},
	rights = {©2011 Springer-Verlag Berlin Heidelberg},
	isbn = {978-3-642-19370-5, 978-3-642-19371-2},
	url = {http://link.springer.com/chapter/10.1007/978-3-642-19371-2_5},
	series = {Zukunft und Forschung},
	abstract = {Der Online-Handel mit Gebrauchtwaren berührt zentrale Dimensionen einer nachhaltigen Entwicklung wie die Auswirkungen auf die Umwelt und soziale Teilhabe. Wir haben als Zugang zur Bewertung der Nachhaltigkeit die Umweltdimension gewählt – ohne ökonomische und soziale Zieldimensionen auszuschließen oder als nachrangig anzusehen. Dieser Zugang über die Umweltdimension ist als Heuristik zu verstehen, die auch andere Bewertungen zulässt. Beispielsweise ist der additive Konsum aus Umweltsicht eher negativ, aus dem Blickwinkel der sozialen Teilhabe aber eher positiv zu beurteilen.},
	pages = {127--158},
	number = {1},
	booktitle = {Wiederverkaufskultur im Internet},
	publisher = {Springer Berlin Heidelberg},
	author = {Erdmann, Lorenz},
	editor = {Behrendt, Siegfried and Blättel-Mink, Birgit and Clausen, Jens},
	date = {2011},
	langid = {german},
	keywords = {Bezugsrahmen, Daten, Ebay-Studie, Environmental Management, gelesen, Ökobilanz-Modellierung der Nutzungsphase, Zielgrößen, zusammengefasst},
	file = {Full Text PDF:C\:\\Users\\janos\\Firefox\\zotero\\storage\\DBCN3KSJ\\Erdmann - 2011 - Quantifizierung der Umwelteffekte des privaten Geb.pdf:application/pdf;Snapshot:C\:\\Users\\janos\\Firefox\\zotero\\storage\\GCS93J4X\\978-3-642-19371-2_5.html:text/html}
}

@book{hirschl_produkte_2000,
	location = {Berlin},
	title = {Produkte länger und intensiver nutzen - das Beispiel private Textilwäsche: Fallstudie im Rahmen des Forschungsvorhabens "Neue Nutzungskonzepte für Produkte"},
	isbn = {393209249X 9783932092497},
	shorttitle = {Produkte länger und intensiver nutzen - das Beispiel private Textilwäsche},
	publisher = {{IÖW}},
	author = {Hirschl, Bernd},
	date = {2000},
	keywords = {{IÖW} Studie},
	file = {IOEW_SR_149_Produkte_laenger_intensiver_nutzen_Bsp_private_Textilwaesche.pdf:C\:\\Users\\janos\\Firefox\\zotero\\storage\\DAH533FK\\IOEW_SR_149_Produkte_laenger_intensiver_nutzen_Bsp_private_Textilwaesche.pdf:application/pdf}
}

@book{konrad_produkte_2000,
	location = {Berlin},
	title = {Produkte länger und intensiver nutzen - das Beispiel Wintersport: Fallstudie im Rahmen des Forschungsvorhabens "Neue Nutzungskonzepte für Produkte"},
	isbn = {3932092481 9783932092480},
	shorttitle = {Produkte länger und intensiver nutzen - das Beispiel Wintersport},
	publisher = {{IÖW}},
	author = {Konrad, Wilfried},
	date = {2000},
	keywords = {{IÖW} Studie},
	file = {IOEW_SR_148_Produkte_laenger_intensiver_nutzen_Bsp_Wintersport.pdf:C\:\\Users\\janos\\Firefox\\zotero\\storage\\XR8J9VAZ\\IOEW_SR_148_Produkte_laenger_intensiver_nutzen_Bsp_Wintersport.pdf:application/pdf}
}

@book{behrendt_eco-service_2003,
	location = {Sheffield},
	title = {Eco-service development: reinventing supply and demand in the European Union},
	isbn = {1-874719-44-6},
	shorttitle = {Eco-service development},
	publisher = {Greenleaf},
	author = {Behrendt, Siegfried},
	date = {2003},
	keywords = {Europäische Union / Dienstleistung / Sekundärleistung / Verbraucherverhalten / Umweltverträglichkeit, {EU} Studie, Supply and demand, Sustainable development / European Union}
}

@collection{hirschl_nachhaltige_2001,
	location = {Berlin},
	title = {Nachhaltige Produktnutzung: sozial-ökonomische Bedingungen und ökologische Vorteile alternativer Konsumformen},
	isbn = {3894044845},
	shorttitle = {Nachhaltige Produktnutzung},
	publisher = {Edition Sigma},
	editor = {Hirschl, Bernd},
	date = {2001},
	keywords = {Bezugsrahmen, Energy consumption, gelesen, Germany, Household appliances, {IÖW} Studie, Ökobilanzen von Nutzen statt Besitzen, positive/negative Auswirkungen, Sustainable development, Waschen, Wintersport}
}

@article{yokoo_economic_2010,
	title = {An economic theory of reuse},
	volume = {5},
	issn = {1862-4065, 1862-4057},
	url = {http://link.springer.com/article/10.1007/s11625-009-0091-3},
	doi = {10.1007/s11625-009-0091-3},
	abstract = {An economic model of reuse is developed to analyse the effect of reuse activity on the amount of waste in the economy and the welfare of consumers. The paper adapts the theory of durable goods and second-hand markets. There is only one type of good, a durable good, which last two periods. A durable good is called ‘new’ in the first period and ‘used’ in the second period. Following Kim (Int Econ J 3:53–63, 1989), it is assumed that consumers differ in valuing the service rate of used goods. Their valuations are represented by a parameter θ, with a higher θ denoting consumers with a greater willingness to pay. In this study, high-θ consumers are referred to as reuse-friendly consumers. The new durable good is supplied in a competitive market. After the purchaser has used the good for one period, (s)he can sell it, keep it or throw it away. If a consumer decides to enter the second-hand market, (s)he has to pay a transaction cost. In equilibrium, the price of used goods will be determined endogenously by a second-hand market; it depends on the value of transaction costs. Thus, whether the second-hand market exists or not also depends on the value of transaction costs. It is shown that the amount of durable goods that is wasted is minimal when a second-hand market exists. When a second-hand market does not exist, increase in reuse-friendly consumers leads to decrease in the amount of waste. In the case of the second-hand market, when many consumers begin to reuse, the welfare of consumers who do not buy used goods will be improved.},
	pages = {143--150},
	number = {1},
	journaltitle = {Sustainability Science},
	shortjournal = {Sustain Sci},
	author = {Yokoo, Hide-Fumi},
	date = {2010},
	langid = {english},
	keywords = {Climate Change, Durable good, Economic model, Environmental Economics, Environmental Management, Landscape Ecology, Nachfrageeffekte, ökonomisches Modell, Public Health/Gesundheitswesen, Reuse, Second-hand market, Sustainable development, Waste},
	file = {Full Text PDF:C\:\\Users\\janos\\Firefox\\zotero\\storage\\35AACDRJ\\Yokoo - 2010 - An economic theory of reuse.pdf:application/pdf}
}

@article{thomas_environmental_2011,
	title = {The environmental potential of reuse: an application to used books},
	volume = {6},
	issn = {1862-4065, 1862-4057},
	url = {http://link.springer.com/article/10.1007/s11625-010-0115-z},
	doi = {10.1007/s11625-010-0115-z},
	shorttitle = {The environmental potential of reuse},
	abstract = {Reuse is generally considered to have environmental benefits, but it has not yet been widely adopted in environmental policy or strategy. In this paper, a simple model of second-hand markets is explored with a case study of used books that illustrates the behavior of the model and shows that such a model is consistent with the data. Three questions of the dynamics of reuse are addressed: (1) If it becomes easier to buy and sell used goods (via Internet markets or other means), by how much will sales of used goods increase? (2) When sales of used goods increase, by how much will sales of new goods decrease? (3) When is reuse better than recycling? Expanding from the case study, the model is used to examine how reuse affects the consumption of new goods, and the relative merits of reuse versus recycling. When the used goods market is small, the ratio of the price of used and new goods, an observable quantity, is approximately equal to the fractional decrease in sales of new goods that will result from increased sales of used goods. A formulation of the environmental impact of reuse and recycling is developed that includes the market impact of reuse. Illustrating this formulation for books with a simplified analysis, reuse of books through sales in a second-hand market is estimated to save more than twice as much energy, with considerable uncertainty, than making books from recycled paper. The formulation provides a basis for identifying products and markets for which reuse can be an effective environmental strategy.},
	pages = {109--116},
	number = {1},
	journaltitle = {Sustainability Science},
	shortjournal = {Sustain Sci},
	author = {Thomas, Valerie M.},
	date = {2011},
	langid = {english},
	keywords = {Climate Change, Economic model, Environmental Economics, Environmental Management, gelesen, Landscape Ecology, Nachfrageeffekte, ökonomisches Modell, Public Health/Gesundheitswesen, Rebound effect, Recycling, Reuse, Second-hand market, Sustainable development, Waste, zusammengefasst},
	file = {Full Text PDF:C\:\\Users\\janos\\Firefox\\zotero\\storage\\IF3ZHNVJ\\Thomas - 2011 - The environmental potential of reuse an applicati.pdf:application/pdf}
}

@collection{rabelt_nachhaltiger_2007,
	location = {München},
	title = {Nachhaltiger nutzen: Möglichkeiten und Grenzen neuer Nutzungsstrategien},
	isbn = {3-86581-024-1, 978-3-86581-024-3},
	shorttitle = {Nachhaltiger nutzen},
	pagetotal = {317},
	publisher = {oekom-Verl.},
	editor = {Rabelt, Vera},
	date = {2007},
	keywords = {*Nachhaltigkeit / Aufsatzsammlung, Kreislaufwirtschaft / Konsumgüter / Nutzungsdauer / Dienstleistung / Nachhaltige Entwicklung / Deutschland / Gemeinschaftsnutzung}
}

@book{schmidt-bleek_maia:_1998,
	location = {Berlin [u.a.]},
	title = {{MAIA}: Einführung in die Material-Intensitäts-Analyse nach dem {MIPS}-Konzept},
	isbn = {3764359498  9783764359492  3777610615 9783777610610},
	shorttitle = {{MAIA}},
	publisher = {Birkhäuser},
	author = {Schmidt-Bleek, Friedrich},
	date = {1998},
	keywords = {gelesen, {MAIA}/{MIPS}, zusammengefasst}
}

@article{liedtke_resource_2014,
	title = {Resource Use in the Production and Consumption System—The {MIPS} Approach},
	volume = {3},
	rights = {http://creativecommons.org/licenses/by/3.0/},
	url = {http://www.mdpi.com/2079-9276/3/3/544},
	doi = {10.3390/resources3030544},
	abstract = {The concept Material Input per Service Unit ({MIPS}) was developed 20 years ago as a measure for the overall natural resource use of products and services. The material intensity analysis is used to calculate the material footprint of any economic activities in production and consumption. Environmental assessment has developed extensive databases for life cycle inventories, which can additionally be adopted for material intensity analysis. Based on practical experience in measuring material footprints on the micro level, this paper presents the current state of research and methodology development: it shows the international discussions on the importance of accounting methodologies to measure progress in resource efficiency. The {MIPS} approach is presented and its micro level application for assessing value chains, supporting business management, and operationalizing sustainability strategies is discussed. Linkages to output-oriented Life Cycle Assessment as well as to Material Flow Analysis ({MFA}) at the macro level are pointed out. Finally we come to the conclusion that the {MIPS} approach provides relevant knowledge on resource and energy input at the micro level for fact-based decision-making in science, policy, business, and consumption.},
	pages = {544--574},
	number = {3},
	journaltitle = {Resources},
	author = {Liedtke, Christa and Bienge, Katrin and Wiesen, Klaus and Teubler, Jens and Greiff, Kathrin and Lettenmeier, Michael and Rohn, Holger},
	urldate = {2014-10-01},
	date = {2014},
	langid = {english},
	keywords = {dematerialization, Material Footprint, Material Intensity Analysis, micro economy, {MIPS} (Material Input per Service Unit), natural resources, resource consumption, sustainable production and consumption ({SCP}), value chain},
	file = {Full Text PDF:C\:\\Users\\janos\\Firefox\\zotero\\storage\\ZJX3ZS9E\\Liedtke et al. - 2014 - Resource Use in the Production and Consumption Sys.pdf:application/pdf}
}
