
@book{scholl_marketing_2009,
	location = {Marburg},
	title = {Marketing nachhaltiger Dienstleistungen: Bedingungen der Übernahme und Empfehlungen zur Vermarktung von eigentumsersetzenden Konsumpraktiken},
	isbn = {978-3-89518-741-4},
	series = {Wirtschaftswissenschaftliche Nachhaltigkeitsforschung},
	shorttitle = {Marketing nachhaltiger Dienstleistungen},
	pagetotal = {357},
	number = {7},
	publisher = {Metropolis-Verl.},
	author = {Scholl, Gerd},
	date = {2009},
	keywords = {Dienstleistung, Dienstleistungsmarketing, Interdisziplinäre Forschung, Konsumgut / Eigentum / Miete / Nachhaltigkeit / Dienstleistung / Marketing, Nachhaltigkeit}
}

@article{scholl_nutzen_2012,
	title = {Nutzen statt Besitzen : Perspektiven für ressourceneffizienten Konsum durch innovative Dienstleistungen ; Paper zu Arbeitspaket 12 "Konsumenten- und kundennahe Ressourcenpolitikoptionen" des Projekts "Materialeffizienz und Ressourcenschonung" ({MaRess})},
	url = {http://epub.wupperinst.org/frontdoor/index/index/docId/4336},
	shorttitle = {Nutzen statt Besitzen},
	author = {Scholl, Gerd and Schulz, Lasse and Süßbauer, Elisabeth and Otto, Siegmar},
	urldate = {2014-09-30},
	date = {2012-06-04},
	file = {MaRess_AP12_4.pdf:/home/sascha/.mozilla/firefox/vymomsvb.default/zotero/storage/V5Z8IAQ5/MaRess_AP12_4.pdf:application/pdf;Snapshot:/home/sascha/.mozilla/firefox/vymomsvb.default/zotero/storage/WN8C4ED3/4336.html:text/html}
}

@article{behrendt_car-sharing_2000,
	title = {Car-Sharing - Nachhaltige Mobilität durch eigentumslose {PKW}-Nutzung?},
	author = {Behrendt, Siegfried},
	date = {2000},
	keywords = {Car-Sharing, Daten, {EU} Studie, gelesen, zusammengefasst},
	file = {IZT_WB43.pdf:/home/sascha/.mozilla/firefox/vymomsvb.default/zotero/storage/U7EGECCW/IZT_WB43.pdf:application/pdf}
}

@article{behrendt_nachhaltig_2000,
	title = {Nachhaltig Waschen - Umweltentlastung durch gemeinschaftliche Nutzungsformen?},
	author = {Behrendt, Siegfried and Pfitznger, Ralf},
	date = {2000},
	keywords = {Daten, {EU} Studie, gelesen, Waschen, zusammengefasst},
	file = {IZT_WB42.pdf:/home/sascha/.mozilla/firefox/vymomsvb.default/zotero/storage/4WAKEGTB/IZT_WB42.pdf:application/pdf}
}

@article{behrendt_oko-rent_2000,
	title = {Öko-Rent im Bereich Heimwerken, Baueigenleistungen und Gartenpflege},
	author = {Behrendt, Siegfried and Behr, Frank},
	date = {2000},
	keywords = {Daten, {EU} Studie, gelesen, Heimwerken, zusammengefasst},
	file = {Öko-Rent im Bereich "Heimwerken, Baueigenleistung und Gartenpflege" - IZT_WB41.pdf:/home/sascha/.mozilla/firefox/vymomsvb.default/zotero/storage/Z794VE7K/IZT_WB41.pdf:application/pdf}
}

@incollection{erdmann_quantifizierung_2011,
	title = {Quantifizierung der Umwelteffekte des privaten Gebrauchtwarenhandels am Beispiel von {eBay}},
	rights = {©2011 Springer-Verlag Berlin Heidelberg},
	isbn = {978-3-642-19370-5, 978-3-642-19371-2},
	url = {http://link.springer.com/chapter/10.1007/978-3-642-19371-2_5},
	series = {Zukunft und Forschung},
	abstract = {Der Online-Handel mit Gebrauchtwaren berührt zentrale Dimensionen einer nachhaltigen Entwicklung wie die Auswirkungen auf die Umwelt und soziale Teilhabe. Wir haben als Zugang zur Bewertung der Nachhaltigkeit die Umweltdimension gewählt – ohne ökonomische und soziale Zieldimensionen auszuschließen oder als nachrangig anzusehen. Dieser Zugang über die Umweltdimension ist als Heuristik zu verstehen, die auch andere Bewertungen zulässt. Beispielsweise ist der additive Konsum aus Umweltsicht eher negativ, aus dem Blickwinkel der sozialen Teilhabe aber eher positiv zu beurteilen.},
	pages = {127--158},
	number = {1},
	booktitle = {Wiederverkaufskultur im Internet},
	publisher = {Springer Berlin Heidelberg},
	author = {Erdmann, Lorenz},
	editor = {Behrendt, Siegfried and Blättel-Mink, Birgit and Clausen, Jens},
	urldate = {2014-10-01},
	date = {2011-01-01},
	langid = {german},
	keywords = {Bezugsrahmen, Daten, Ebay-Studie, Environmental Management, gelesen, Ökobilanz-Modellierung der Nutzungsphase, Zielgrößen, zusammengefasst},
	file = {Full Text PDF:/home/sascha/.mozilla/firefox/vymomsvb.default/zotero/storage/DBCN3KSJ/Erdmann - 2011 - Quantifizierung der Umwelteffekte des privaten Geb.pdf:application/pdf;Snapshot:/home/sascha/.mozilla/firefox/vymomsvb.default/zotero/storage/GCS93J4X/978-3-642-19371-2_5.html:text/html}
}

@book{hirschl_produkte_2000,
	location = {Berlin},
	title = {Produkte länger und intensiver nutzen - das Beispiel private Textilwäsche: Fallstudie im Rahmen des Forschungsvorhabens "Neue Nutzungskonzepte für Produkte"},
	isbn = {393209249X 9783932092497},
	shorttitle = {Produkte länger und intensiver nutzen - das Beispiel private Textilwäsche},
	publisher = {{IO}̈W},
	author = {Hirschl, Bernd},
	date = {2000},
	keywords = {{IÖW} Studie},
	file = {IOEW_SR_149_Produkte_laenger_intensiver_nutzen_Bsp_private_Textilwaesche.pdf:/home/sascha/.mozilla/firefox/vymomsvb.default/zotero/storage/DAH533FK/IOEW_SR_149_Produkte_laenger_intensiver_nutzen_Bsp_private_Textilwaesche.pdf:application/pdf}
}

@book{scholl_produkte_1998,
	location = {Berlin},
	title = {Produkte länger und intensiver nutzen zur Systematisierung und ökologischen Beurteilung alternativer Nutzungskonzepte ; erster Zwischenbericht des Forschungsvorhabens: "Ökologische Entlastungspotentiale, Umsetzungsprobleme und Entwicklungsperspektiven von Strategien zur Nutzungsdauerverlängerung ({NV}) und Nutzungsintzensivierung ({NI})"},
	isbn = {3932092333  9783932092336},
	shorttitle = {Produkte länger und intensiver nutzen zur Systematisierung und ökologischen Beurteilung alternativer Nutzungskonzepte ; erster Zwischenbericht des Forschungsvorhabens},
	publisher = {{IO}̈W},
	author = {Scholl, Hirschl, Bernd, Tibitanzl, Frank, Gerd},
	date = {1998},
	keywords = {{IÖW} Studie},
	file = {IOEW_SR_134_produkte_laenger_und_intensiver_nutzen.pdf:/home/sascha/.mozilla/firefox/vymomsvb.default/zotero/storage/6WEBRG34/IOEW_SR_134_produkte_laenger_und_intensiver_nutzen.pdf:application/pdf}
}

@book{konrad_produkte_2000,
	location = {Berlin},
	title = {Produkte länger und intensiver nutzen - das Beispiel Wintersport: Fallstudie im Rahmen des Forschungsvorhabens "Neue Nutzungskonzepte für Produkte"},
	isbn = {3932092481 9783932092480},
	shorttitle = {Produkte länger und intensiver nutzen - das Beispiel Wintersport},
	publisher = {{IO}̈W},
	author = {Konrad, Wilfried},
	date = {2000},
	keywords = {{IÖW} Studie},
	file = {IOEW_SR_148_Produkte_laenger_intensiver_nutzen_Bsp_Wintersport.pdf:/home/sascha/.mozilla/firefox/vymomsvb.default/zotero/storage/XR8J9VAZ/IOEW_SR_148_Produkte_laenger_intensiver_nutzen_Bsp_Wintersport.pdf:application/pdf}
}

@collection{hirschl_nachhaltige_2001,
	location = {Berlin},
	title = {Nachhaltige Produktnutzung: sozial-ökonomische Bedingungen und ökologische Vorteile alternativer Konsumformen},
	isbn = {3894044845},
	shorttitle = {Nachhaltige Produktnutzung},
	pagetotal = {163},
	publisher = {Edition Sigma},
	editor = {Hirschl, Bernd},
	date = {2001},
	keywords = {Bezugsrahmen, Energy consumption, gelesen, Germany, Household appliances, {IÖW} Studie, Ökobilanzen von Nutzen statt Besitzen, Sustainable development, Waschen, Wintersport}
}

@article{thomas_environmental_2011,
	title = {The environmental potential of reuse: an application to used books},
	volume = {6},
	issn = {1862-4065, 1862-4057},
	url = {http://link.springer.com/article/10.1007/s11625-010-0115-z},
	doi = {10.1007/s11625-010-0115-z},
	shorttitle = {The environmental potential of reuse},
	abstract = {Reuse is generally considered to have environmental benefits, but it has not yet been widely adopted in environmental policy or strategy. In this paper, a simple model of second-hand markets is explored with a case study of used books that illustrates the behavior of the model and shows that such a model is consistent with the data. Three questions of the dynamics of reuse are addressed: (1) If it becomes easier to buy and sell used goods (via Internet markets or other means), by how much will sales of used goods increase? (2) When sales of used goods increase, by how much will sales of new goods decrease? (3) When is reuse better than recycling? Expanding from the case study, the model is used to examine how reuse affects the consumption of new goods, and the relative merits of reuse versus recycling. When the used goods market is small, the ratio of the price of used and new goods, an observable quantity, is approximately equal to the fractional decrease in sales of new goods that will result from increased sales of used goods. A formulation of the environmental impact of reuse and recycling is developed that includes the market impact of reuse. Illustrating this formulation for books with a simplified analysis, reuse of books through sales in a second-hand market is estimated to save more than twice as much energy, with considerable uncertainty, than making books from recycled paper. The formulation provides a basis for identifying products and markets for which reuse can be an effective environmental strategy.},
	pages = {109--116},
	number = {1},
	journaltitle = {Sustain Sci},
	author = {Thomas, Valerie M.},
	urldate = {2014-10-03},
	date = {2011-01-01},
	langid = {english},
	keywords = {Climate Change, Economic model, Environmental Economics, Environmental Management, gelesen, Landscape Ecology, Nachfrageeffekte, ökonomisches Modell, Public Health/Gesundheitswesen, Rebound effect, Recycling, Reuse, Second-hand market, Sustainable development, Waste, zusammengefasst},
	file = {Full Text PDF:/home/sascha/.mozilla/firefox/vymomsvb.default/zotero/storage/IF3ZHNVJ/Thomas - 2011 - The environmental potential of reuse an applicati.pdf:application/pdf}
}

@article{yokoo_economic_2010,
	title = {An economic theory of reuse},
	volume = {5},
	issn = {1862-4065, 1862-4057},
	url = {http://link.springer.com/article/10.1007/s11625-009-0091-3},
	doi = {10.1007/s11625-009-0091-3},
	abstract = {An economic model of reuse is developed to analyse the effect of reuse activity on the amount of waste in the economy and the welfare of consumers. The paper adapts the theory of durable goods and second-hand markets. There is only one type of good, a durable good, which last two periods. A durable good is called ‘new’ in the first period and ‘used’ in the second period. Following Kim (Int Econ J 3:53–63, 1989), it is assumed that consumers differ in valuing the service rate of used goods. Their valuations are represented by a parameter θ, with a higher θ denoting consumers with a greater willingness to pay. In this study, high-θ consumers are referred to as reuse-friendly consumers. The new durable good is supplied in a competitive market. After the purchaser has used the good for one period, (s)he can sell it, keep it or throw it away. If a consumer decides to enter the second-hand market, (s)he has to pay a transaction cost. In equilibrium, the price of used goods will be determined endogenously by a second-hand market; it depends on the value of transaction costs. Thus, whether the second-hand market exists or not also depends on the value of transaction costs. It is shown that the amount of durable goods that is wasted is minimal when a second-hand market exists. When a second-hand market does not exist, increase in reuse-friendly consumers leads to decrease in the amount of waste. In the case of the second-hand market, when many consumers begin to reuse, the welfare of consumers who do not buy used goods will be improved.},
	pages = {143--150},
	number = {1},
	journaltitle = {Sustain Sci},
	author = {Yokoo, Hide-Fumi},
	urldate = {2014-10-03},
	date = {2010-01-01},
	langid = {english},
	keywords = {Climate Change, Durable good, Economic model, Environmental Economics, Environmental Management, Landscape Ecology, Nachfrageeffekte, ökonomisches Modell, Public Health/Gesundheitswesen, Reuse, Second-hand market, Sustainable development, Waste},
	file = {Full Text PDF:/home/sascha/.mozilla/firefox/vymomsvb.default/zotero/storage/35AACDRJ/Yokoo - 2010 - An economic theory of reuse.pdf:application/pdf}
}

@collection{rabelt_nachhaltiger_2007,
	location = {München},
	title = {Nachhaltiger nutzen: Möglichkeiten und Grenzen neuer Nutzungsstrategien},
	isbn = {3-86581-024-1, 978-3-86581-024-3},
	shorttitle = {Nachhaltiger nutzen},
	pagetotal = {317},
	publisher = {oekom-Verl.},
	editor = {Rabelt, Vera},
	date = {2007},
	keywords = {*Nachhaltigkeit / Aufsatzsammlung, Kreislaufwirtschaft / Konsumgüter / Nutzungsdauer / Dienstleistung / Nachhaltige Entwicklung / Deutschland / Gemeinschaftsnutzung}
}

@book{behrendt_eco-service_2003,
	location = {Sheffield},
	title = {Eco-service development: reinventing supply and demand in the European Union},
	isbn = {1-874719-44-6},
	shorttitle = {Eco-service development},
	pagetotal = {215},
	publisher = {Greenleaf},
	author = {Behrendt, Siegfried},
	date = {2003},
	keywords = {Europäische Union / Dienstleistung / Sekundärleistung / Verbraucherverhalten / Umweltverträglichkeit, {EU} Studie, Supply and demand, Sustainable development / European Union}
}